<record><leader>00000cas a2200000 a 4500</leader><controlfield tag="001">30490307</controlfield><controlfield tag="007">hd bfu---baat</controlfield><controlfield tag="007">hd afu---bact</controlfield><controlfield tag="008">940525d19671968nbuwr nea     0    0eng c</controlfield><datafield ind1=" " ind2=" " tag="010"><subfield code="a">sn 94055207 </subfield></datafield><datafield ind1=" " ind2=" " tag="040"><subfield code="a">NVG</subfield><subfield code="b">eng</subfield><subfield code="c">NVG</subfield><subfield code="d">OCLCQ</subfield><subfield code="d">OCLCF</subfield><subfield code="d">OCLCO</subfield></datafield><datafield ind1="1" ind2=" " tag="029"><subfield code="a">AU@</subfield><subfield code="b">000025889336</subfield></datafield><datafield ind1=" " ind2=" " tag="042"><subfield code="a">pcc</subfield></datafield><datafield ind1=" " ind2=" " tag="043"><subfield code="a">n-us-nb</subfield></datafield><datafield ind1="0" ind2="4" tag="245"><subfield code="a">The Red Cloud chief and the Commercial advertiser</subfield><subfield code="h">[microform].</subfield></datafield><datafield ind1="1" ind2="7" tag="246"><subfield code="a">Commercial advertiser</subfield><subfield code="f">Mar. 2, 1967</subfield></datafield><datafield ind1=" " ind2=" " tag="260"><subfield code="a">Red Cloud, Webster County, Neb. :</subfield><subfield code="b">D. Furse</subfield></datafield><datafield ind1=" " ind2=" " tag="300"><subfield code="a">3 v.</subfield></datafield><datafield ind1=" " ind2=" " tag="310"><subfield code="a">Weekly</subfield></datafield><datafield ind1="0" ind2=" " tag="362"><subfield code="a">Vol. 63, no. 25 (Mar. 2, 1967)-v. 65, no. 26 (Mar. 7, 1968).</subfield></datafield><datafield ind1=" " ind2=" " tag="533"><subfield code="a">Microfilm.</subfield><subfield code="m">1967-1968</subfield><subfield code="b">Lincoln, Neb. :</subfield><subfield code="c">Nebraska State Historic Society,</subfield><subfield code="d">1969.</subfield><subfield code="e">2 microfilm reels ; 35 mm.</subfield></datafield><datafield ind1=" " ind2="0" tag="651"><subfield code="a">Red Cloud (Neb.)</subfield><subfield code="v">Newspapers.</subfield></datafield><datafield ind1=" " ind2="7" tag="655"><subfield code="a">Newspapers.</subfield><subfield code="2">fast</subfield><subfield code="0">(OCoLC)fst01423814</subfield></datafield><datafield ind1=" " ind2="7" tag="651"><subfield code="a">Nebraska</subfield><subfield code="z">Red Cloud.</subfield><subfield code="2">fast</subfield><subfield code="0">(OCoLC)fst01255495</subfield></datafield><datafield ind1=" " ind2=" " tag="752"><subfield code="a">United States</subfield><subfield code="b">Nebraska</subfield><subfield code="c">Webster</subfield><subfield code="d">Red Cloud.</subfield></datafield><datafield ind1="0" ind2="0" tag="780"><subfield code="t">Commercial advertiser and the Red Cloud chief</subfield><subfield code="w">(DLC)sn 94055205</subfield></datafield><datafield ind1="0" ind2="0" tag="785"><subfield code="t">Red Cloud Chief (Red Cloud, Neb. : 1968)</subfield><subfield code="w">(DLC)sn 94055208</subfield></datafield></record>